
@article{ref:sankou,
  title   = {{人間と対戦可能なカーリングロボットの開発に関する研究}},
  author  = {河村隆，田中翔太，谷川雄太，志村亮祐，飯塚浩二朗，鈴木智},
  journal = {スポーツ・アンド・ヒューマン・ダイナミクス2013},
  year  = {2013},
}
